@article{SeyedShirkhorshidi2015AData,
    title = {{A Comparison Study on Similarity and Dissimilarity Measures in Clustering Continuous Data}},
    year = {2015},
    author = {Seyed Shirkhorshidi, Ali and Aghabozorgi, Saeed and Wah, Ying},
    url = {http://archive.ics.uci.edu/},
    doi = {10.1371/journal.pone.0144059}
}

@article{Carley1991AStability,
    title = {{A Theory of Group Stability}},
    year = {1991},
    journal = {American Sociological Review},
    author = {Carley, Kathleen},
    number = {3},
    month = {6},
    pages = {331},
    volume = {56},
    url = {http://www.jstor.org/stable/2096108?origin=crossref},
    doi = {10.2307/2096108},
    issn = {00031224}
}

@article{Tsai2015AProblem,
    title = {{A Two-Dimensional Genetic Algorithm and Its Application to Aircraft Scheduling Problem}},
    year = {2015},
    journal = {Mathematical Problems in Engineering},
    author = {Tsai, Ming-Wen and Hong, Tzung-Pei and Lin, Woo-Tsong},
    month = {3},
    pages = {1--12},
    volume = {2015},
    publisher = {Hindawi},
    url = {http://www.hindawi.com/journals/mpe/2015/906305/},
    doi = {10.1155/2015/906305},
    issn = {1024-123X}
}

@inproceedings{Lianshuan2009AnTSP,
    title = {{An Improved Pareto Genetic Algorithm for Multi-objective TSP}},
    year = {2009},
    booktitle = {2009 Fifth International Conference on Natural Computation},
    author = {Lianshuan, Shi and Zengyan, Li},
    pages = {585--588},
    publisher = {IEEE},
    url = {http://ieeexplore.ieee.org/document/5366110/},
    isbn = {978-0-7695-3736-8},
    doi = {10.1109/ICNC.2009.510}
}

@article{Mabotuwana2013AnReports,
    title = {{An ontology-based similarity measure for biomedical data {\^{a}}€“ Application to radiology reports}},
    year = {2013},
    journal = {Journal of Biomedical Informatics},
    author = {Mabotuwana, Thusitha and Lee, Michael C and Cohen-Solal, Eric V},
    pages = {857--868},
    volume = {46},
    url = {http://dx.doi.org/10.1016/j.jbi.2013.06.013},
    doi = {10.1016/j.jbi.2013.06.013},
    keywords = {Document similarity comparison, Natural Language Processing, Radiology informatics, Radiology information systems, Semantic similarity, Semantics, Systematized Nomenclature of Medicine}
}

@article{PaletzAssessingMetric,
    title = {{Assessing group-level participation in fluid teams: Testing a new metric}},
    author = {Paletz, Susannah B F and Schunn, Christian D},
    url = {http://www.lrdc.pitt.edu/schunn/research/papers/Paletz%26SchunnBRM.pdf},
    doi = {10.3758/s13428-011-0070-3},
    keywords = {Heterogeneity, Measurement, Metric, Participation, Teams}
}

@article{Ebbers2017BetwixtStructures,
    title = {{Betwixt and between: Role conflict, role ambiguity and role definition in project-based dual-leadership structures}},
    year = {2017},
    journal = {human relations},
    author = {Ebbers, Joris J and Wijnberg, Nachoem M},
    number = {11},
    pages = {1342--1365},
    volume = {70},
    url = {http://journals.sagepub.com/doi/pdf/10.1177/0018726717692852},
    doi = {10.1177/0018726717692852},
    keywords = {creative industries, dual leadership, film industry, project-based organization, role crafting}
}

@techreport{MairesseCanGenerator,
    title = {{Can Conversational Agents Express Big Five Personality Traits through Language?: Evaluating a Psychologically-Informed Language Generator}},
    author = {Mairesse, François and Walker, Marilyn A},
    url = {http://citeseerx.ist.psu.edu/viewdoc/download?doi=10.1.1.143.9824&rep=rep1&type=pdf}
}

@article{Horwitz1953ChapterDynamics,
    title = {{Chapter II: The Conceptual Status of Group Dynamics}},
    year = {1953},
    journal = {Review of Educational Research},
    author = {Horwitz, Murray},
    number = {4},
    month = {10},
    pages = {309--328},
    volume = {23},
    url = {http://journals.sagepub.com/doi/10.3102/00346543023004309},
    doi = {10.3102/00346543023004309},
    issn = {0034-6543}
}

@article{BookerClassifierAlgorithms,
    title = {{Classifier Systems and Genetic Algorithms}},
    author = {Booker, L B and Goldberg, D E and Holland, J H},
    url = {https://ac.els-cdn.com/0004370289900507/1-s2.0-0004370289900507-main.pdf?_tid=e1ea4338-3ee6-4423-872e-44719f242537&acdnat=1530055805_96f34666c11fc48b06f291b0d62cfb03}
}

@article{Rosenfeld1972CompatibilityPROANA5,
    title = {{Compatibility and interaction in the small group: Validation of Schutz's FIRO‐B using a modified version of Lashbrook's PROANA5}},
    year = {1972},
    journal = {Western Speech},
    author = {Rosenfeld, Lawrence B. and Jessen, Paul A.},
    number = {1},
    month = {4},
    pages = {31--40},
    volume = {36},
    url = {http://www.tandfonline.com/doi/abs/10.1080/10570317209373723},
    doi = {10.1080/10570317209373723},
    issn = {0043-4205}
}

@techreport{Sung-HyukChaComprehensiveFunctions,
    title = {{Comprehensive Survey on Distance/Similarity Measures between Probability Density Functions}},
    author = {{Sung-Hyuk Cha}},
    url = {http://users.uom.gr/~kouiruki/sung.pdf}
}

@inproceedings{Angantyr2003ConstrainedAlgorithm,
    title = {{Constrained optimization based on a multiobjective evolutionary algorithm}},
    year = {2003},
    booktitle = {The 2003 Congress on Evolutionary Computation, 2003. CEC '03.},
    author = {Angantyr, A. and Andersson, J. and Aidanpaa, J.},
    pages = {1560--1567},
    volume = {3},
    publisher = {IEEE},
    url = {http://ieeexplore.ieee.org/document/1299858/},
    isbn = {0-7803-7804-0},
    doi = {10.1109/CEC.2003.1299858}
}

@article{Garza-Fabre2015Constraint-handlingPrediction,
    title = {{Constraint-handling through multi-objective optimization: The hydrophobic-polar model for protein structure prediction}},
    year = {2015},
    journal = {Computers {\&} Operations Research},
    author = {Garza-Fabre, Mario and Rodriguez-Tello, Eduardo and Toscano-Pulido, Gregorio},
    month = {1},
    pages = {128--153},
    volume = {53},
    publisher = {Pergamon},
    url = {https://www.sciencedirect.com/science/article/pii/S0305054814001932?via%3Dihub},
    doi = {10.1016/J.COR.2014.07.010},
    issn = {0305-0548}
}

@article{COELLOCOELLO2000CONSTRAINT-HANDLINGTECHNIQUE,
    title = {{CONSTRAINT-HANDLING USING AN EVOLUTIONARY MULTIOBJECTIVE OPTIMIZATION TECHNIQUE}},
    year = {2000},
    journal = {Civil Engineering and Environmental Systems},
    author = {COELLO COELLO, CARLOS A.},
    number = {4},
    month = {10},
    pages = {319--346},
    volume = {17},
    publisher = {Taylor {\&} Francis Group},
    url = {http://www.tandfonline.com/doi/abs/10.1080/02630250008970288},
    doi = {10.1080/02630250008970288},
    issn = {1028-6608},
    keywords = {Constraint-handling, Evolutionary optimization, Genetic algorithms, Multiobjective optimization, Numerical optimization, Self-adaptation}
}

@article{Campbell1959ConvergentMatrix.,
    title = {{Convergent and discriminant validation by the multitrait-multimethod matrix.}},
    year = {1959},
    journal = {Psychological Bulletin},
    author = {Campbell, Donald T. and Fiske, Donald W.},
    number = {2},
    pages = {81--105},
    volume = {56},
    url = {http://doi.apa.org/getdoi.cfm?doi=10.1037/h0046016},
    doi = {10.1037/h0046016},
    issn = {1939-1455}
}

@article{Boyd2003CONVERSATIONTHEORY,
    title = {{CONVERSATION THEORY}},
    year = {2003},
    author = {Boyd, Gary Mcintyre},
    url = {https://pdfs.semanticscholar.org/8209/bfd5343882a3796b2de8f44a310a56e47a30.pdf}
}

@article{Carman1970CorrelatesResults,
    title = {{Correlates of Brand Loyalty: Some Positive Results}},
    year = {1970},
    journal = {Journal of Marketing Research},
    author = {Carman, James M.},
    number = {1},
    month = {2},
    pages = {67},
    volume = {7},
    url = {https://www.jstor.org/stable/3149509?origin=crossref},
    doi = {10.2307/3149509},
    issn = {00222437}
}

@article{Ke2014D:IEEE-WorkingJuly-201430-7-2014Author-CRXtevc-kwong-2293776tevc-kwong-2293776-proof.dvi,
    title = {{D:{\textbackslash}IEEE-Working{\textbackslash}July-2014{\textbackslash}30-7-2014{\textbackslash}Author-CRX{\textbackslash}tevc-kwong-2293776{\textbackslash}tevc-kwong-2293776-proof.dvi}},
    year = {2014},
    journal = {IEEE TRANSACTIONS ON EVOLUTIONARY COMPUTATION},
    author = {Ke, Li and Zhang, Qingfu and Kwong, Sam and Li, Miqing and Wang, Ran},
    number = {6},
    volume = {18},
    url = {http://www.ieee.org/publications_standards/publications/rights/index.html},
    doi = {10.1109/TEVC.2013.2293776}
}

@article{Peirson2018DankNetworks,
    title = {{Dank Learning: Generating Memes Using Deep Neural Networks}},
    year = {2018},
    author = {Peirson, Abel L and Tolunay, E Meltem},
    month = {6},
    url = {http://arxiv.org/abs/1806.04510},
    arxivId = {1806.04510}
}

@misc{DetailsScale,
    title = {{Details about Group Participation Scale}},
    url = {http://www.behavior.net/forums/evolutionary/1998/1-user=&email=&depth=8&detail=description&lastread=5-317.htm}
}

@article{KeytonEXPLORINGGROUPS,
    title = {{EXPLORING INTERPERSONAL COMPATIBILITY IN GROUPS}},
    author = {Keyton, Joann},
    url = {https://files.eric.ed.gov/fulltext/ED318040.pdf}
}

@article{Matsuyama2015Four-participantParticipant,
    title = {{Four-participant group conversation: A facilitation robot controlling engagement density as the fourth participant}},
    year = {2015},
    journal = {Computer Speech {\&} Language},
    author = {Matsuyama, Yoichi and Akiba, Iwao and Fujie, Shinya and Kobayashi, Tetsunori},
    number = {1},
    month = {9},
    pages = {1--24},
    volume = {33},
    publisher = {Academic Press},
    url = {https://www.sciencedirect.com/science/article/pii/S0885230814001260},
    doi = {10.1016/J.CSL.2014.12.001},
    issn = {0885-2308}
}

@article{Full-text,
    title = {{full-text}}
}

@article{Full-textb,
    title = {{full-text}}
}

@article{Aguirre2004HandlingConcepts,
    title = {{Handling constraints using multiobjective optimization concepts}},
    year = {2004},
    journal = {International Journal for Numerical Methods in Engineering},
    author = {Aguirre, Arturo Hernández and Rionda, Salvador Botello and Coello Coello, Carlos A. and Liz{\'{a}}rraga, Giovanni Lizárraga and Montes, Efrén Mezura},
    number = {15},
    month = {4},
    pages = {1989--2017},
    volume = {59},
    publisher = {Wiley-Blackwell},
    url = {http://doi.wiley.com/10.1002/nme.947},
    doi = {10.1002/nme.947},
    issn = {0029-5981},
    keywords = {constraint‐handling, evolutionary algorithms, evolutionary multiobjective optimization, evolutionary optimization}
}

@misc{HierarchicalWiki,
    title = {{Hierarchical Interest Graph - Knoesis wiki}},
    url = {http://wiki.knoesis.org/index.php/Hierarchical_Interest_Graph}
}

@misc{HowProgramming,
    title = {{How good are you at programming?}},
    url = {http://science.raphael.poss.name/programming-levels.html}
}

@article{Tack2017HumanAnswers,
    title = {{Human and Automated CEFR-based Grading of Short Answers}},
    year = {2017},
    author = {Tack, Anas and Fran{\c{c}}ois, Thomas and Roekhaut, Sophie and Fairon, Cédrick},
    pages = {169--179},
    url = {http://www.aclweb.org/anthology/W17-5018}
}

@article{LarsonInterpersonalSuperintendents,
    title = {{Interpersonal relationships of elementary and senior high principals and compatibility with their superintendents}},
    author = {Larson, Richard John},
    url = {http://lib.dr.iastate.edu/rtd http://lib.dr.iastate.edu/rtd/5683}
}

@article{Gonzales2010LanguageGroups,
    title = {{Language style matching as a predictor of social dynamics in small groups}},
    year = {2010},
    journal = {Communication Research},
    author = {Gonzales, Amy L. and Hancock, Jeffrey T. and Pennebaker, James W.},
    number = {1},
    month = {2},
    pages = {3--19},
    volume = {37},
    url = {http://journals.sagepub.com/doi/10.1177/0093650209351468},
    isbn = {00936502},
    doi = {10.1177/0093650209351468},
    issn = {00936502},
    keywords = {Cohesiveness, LIWC, Language style matching, Pronouns, Small group, Team performance, Text analysis, Verbal mimicry}
}

@article{ValenteLanguage-IndependentCorpus,
    title = {{Language-Independent Socio-Emotional Role Recognition in the AMI Meetings Corpus}},
    author = {Valente, Fabio and Vinciarelli, Alessandro},
    url = {https://pdfs.semanticscholar.org/6a46/e64f18e3c35c5a42624dd98ffe0c2dd1742d.pdf},
    keywords = {AMI meetings Corpus, Index Terms, role recognition, social and formal roles, social signals, turn-taking patterns}
}

@techreport{Pan2007LNCSReciprocity,
    title = {{LNCS 4564 - Sociability Design Guidelines for the Online Gaming Community: Role Play and Reciprocity}},
    year = {2007},
    booktitle = {LNCS},
    author = {Pan, Yu Chieh and Kuo, Liangwen and Lee, Jim Jiunde},
    pages = {426--434},
    volume = {4564},
    url = {https://link.springer.com/content/pdf/10.1007%2F978-3-540-73257-0_47.pdf},
    keywords = {design guideline, reciprocity, role play, sociability}
}

@article{Gardenfors1975MatchPreferences,
    title = {{Match making: Assignments based on bilateral preferences}},
    year = {1975},
    journal = {Behavioral Science},
    author = {G{\"{a}}rdenfors, Peter},
    number = {3},
    month = {5},
    pages = {166--173},
    volume = {20},
    url = {http://doi.wiley.com/10.1002/bs.3830200304},
    doi = {10.1002/bs.3830200304},
    issn = {00057940}
}

@article{Dong2013ModelingInteractions,
    title = {{Modeling Functional Roles Dynamics in Small Group Interactions}},
    year = {2013},
    author = {Dong, Wen and Member, Ieee and Lepri, Bruno and Pianesi, Fabio and Pentland, Alex},
    number = {1},
    pages = {1--13},
    volume = {15},
    url = {https://pdfs.semanticscholar.org/7d40/738f6e1d451ebf431daa693a48eaf82754a7.pdf},
    keywords = {Index Terms—Functional roles, influence model, multimodal analysis, non-linguistic behavior}
}

@article{PerMartin-LofON2006ONLAWS,
    title = {{ON THE MEANINGS OF THE LOGICAL CONSTANTS AND THE JUSTIFICATIONS OF THE LOGICAL LAWS}},
    year = {2006},
    journal = {Theoria},
    author = {{Per Martin-L¨of ON}},
    number = {1},
    pages = {1--5},
    volume = {53},
    isbn = {0333420926},
    doi = {10.3167/004058106780446458},
    issn = {00405817}
}

@article{Tucker1961PersonalityUse.,
    title = {{Personality and product use.}},
    year = {1961},
    journal = {Journal of Applied Psychology},
    author = {Tucker, W. T. and Painter, John J.},
    number = {5},
    pages = {325--329},
    volume = {45},
    url = {http://doi.apa.org/getdoi.cfm?doi=10.1037/h0046370},
    doi = {10.1037/h0046370},
    issn = {1939-1854}
}

@article{Engel1969PersonalitySegmentation,
    title = {{Personality measures and market segmentation}},
    year = {1969},
    journal = {Business Horizons},
    author = {Engel, James F. and Kollat, David T. and Blackwell, Roger D.},
    number = {3},
    month = {6},
    pages = {61--70},
    volume = {12},
    url = {http://linkinghub.elsevier.com/retrieve/pii/0007681369900093},
    doi = {10.1016/0007-6813(69)90009-3},
    issn = {00076813}
}

@article{Wells1975Psychographics:Review,
    title = {{Psychographics: A Critical Review}},
    year = {1975},
    journal = {Journal of Marketing Research},
    author = {Wells, William D.},
    number = {2},
    month = {5},
    pages = {196},
    volume = {12},
    url = {https://www.jstor.org/stable/3150443?origin=crossref},
    doi = {10.2307/3150443},
    issn = {00222437}
}

@article{Koontz2017RealisticLove,
    title = {{Realistic love}},
    year = {2017},
    journal = {Journal of Social and Personal Relationships},
    author = {Koontz, Amanda and Norman, Lauren and Okorie, Sarah},
    month = {11},
    pages = {026540751773569},
    publisher = {SAGE PublicationsSage UK: London, England},
    url = {http://journals.sagepub.com/doi/10.1177/0265407517735694},
    doi = {10.1177/0265407517735694},
    issn = {0265-4075},
    keywords = {Princess culture, romantic love, romantic relationships, young women}
}

@article{Biddle1986RECENTTHEORY,
    title = {{RECENT DEVELOPMENTS IN ROLE THEORY}},
    year = {1986},
    journal = {Annual Review of Sociology},
    author = {Biddle, B J},
    pages = {67--92},
    volume = {12},
    url = {http://www.jstor.org/stable/2083195 http://www.jstor.org/stable/2083195?seq=1&cid=pdf-reference#references_tab_contents http://about.jstor.org/terms}
}

@article{Lee2009SimilarityPersons.,
    title = {{Similarity and assumed similarity in personality reports of well-acquainted persons.}},
    year = {2009},
    journal = {Journal of Personality and Social Psychology},
    author = {Lee, Kibeom and Ashton, Michael C. and Pozzebon, Julie A. and Visser, Beth A. and Bourdage, Joshua S. and Ogunfowora, Babatunde},
    number = {2},
    pages = {460--472},
    volume = {96},
    url = {http://doi.apa.org/getdoi.cfm?doi=10.1037/a0014059},
    doi = {10.1037/a0014059},
    issn = {1939-1315}
}

@article{Ese2010SocialRecognition,
    title = {{Social Network Analysis for Automatic Role Recognition}},
    year = {2010},
    author = {Ese, T N and Le, Presen EE},
    url = {http://publications.idiap.ch/downloads/papers/2010/Favre_THESIS_2010.pdf}
}

@techreport{KwongStableOptimization,
    title = {{Stable Matching-Based Selection in Evolutionary Multiobjective Optimization}},
    author = {Kwong, Sam and Ke, Li and Wu, M and Zhang, Qingfu},
    url = {https://ims.nus.edu.sg/events/2018/wpso/files/sam.pdf}
}

@article{Mathieu2016TeamValidity,
    title = {{Team Role Experience and Orientation: A Measure and Tests of Construct Validity}},
    year = {2016},
    journal = {Group {\&} Organization Management},
    author = {Mathieu, John E and Tannenbaum, Scott I and Kukenberger, Michael R and Donsbach, Jamie S and Alliger, George M},
    volume = {1},
    url = {http://citeseerx.ist.psu.edu/viewdoc/download?doi=10.1.1.1010.6359&rep=rep1&type=pdf},
    doi = {10.1177/1059601114562000},
    keywords = {group or team composition or diversity, personality, roles or role behavior, teams or teamwork}
}

@misc{TeamContrasted,
    title = {{Team Roles {\&}amp; Group Effectiveness - FIRO {\&}amp; Belbin Contrasted}},
    url = {http://www.pgagroup.com/team-roles.html#Which-of-the-two-approaches-FIRO-or-Belbin-is-best}
}

@article{Schmitt2007THENations,
    title = {{THE GEOGRAPHIC DISTRIBUTION OF BIG FIVE PERSONALITY TRAITS Patterns and Profiles of Human Self-Description Across 56 Nations}},
    year = {2007},
    journal = {JOURNAL OF CROSS-CULTURAL PSYCHOLOGY},
    author = {Schmitt, David P and Allik, Jüri and Mccrae, Robert R and Alcalay, Lidia and Bennett, Kevin L and Bianchi, Gabriel and Ann Borg Cunen, Mary and Gerard Caral, Leo A and Martina Casullo, Maria and Cunningham, Michael and Eremsoy, Ekin and {\"{U}}niversitesi Harald Euler, Bogaziçi A and Fisher, Maryanne L and Foley, Dolores and Herrera, Dora and Hoffmann, Heather and College Danica Hooper, Knox and Kabangu-Stahel, Heidi and les Gazelles Igor Kardum, Enseignement and Locke, Kenneth D and Panayiotou, Alexia},
    number = {2},
    pages = {173--212},
    volume = {38},
    url = {http://www.toddkshackelford.com/downloads/Schmitt-JCCP-2007.pdf},
    doi = {10.1177/0022022106297299}
}

@article{Summers1970TheLeaders,
    title = {{The Identity of Women's Clothing Fashion Opinion Leaders}},
    year = {1970},
    journal = {Journal of Marketing Research},
    author = {Summers, John O.},
    number = {2},
    month = {5},
    pages = {178},
    volume = {7},
    url = {https://www.jstor.org/stable/3150106?origin=crossref},
    doi = {10.2307/3150106},
    issn = {00222437}
}

@article{Erfani2017TheStudents,
    title = {{The Relationship between Big-Five Personality Traits, English Language Proficiency Scores on IELTS, and Academic Success of Iranian Foreign Students}},
    year = {2017},
    journal = {Theory and Practice in Language Studies},
    author = {Erfani, Shiva Seyed and Mardan, Hoda},
    number = {11},
    month = {11},
    pages = {1046},
    volume = {7},
    url = {http://www.academypublication.com/ojs/index.php/tpls/article/view/tpls071110461058},
    doi = {10.17507/tpls.0711.13}
}

@article{Carruthers2018TheOptimize,
    title = {{The Role of the Goal in Solving Hard Computational Problems: Do People Really Optimize?}},
    year = {2018},
    journal = {Journal of Problem Solving},
    author = {Carruthers, Sarah and Stege, Ulrike and Masson, Michael E J},
    volume = {11},
    url = {https://docs.lib.purdue.edu/cgi/viewcontent.cgi?article=1200&context=jps},
    doi = {10.7771/1932-6246.1200},
    keywords = {computational complexity, intractability, problem solving}
}

@techreport{Lehman2018TheCommunities,
    title = {{The Surprising Creativity of Digital Evolution: A Collection of Anecdotes from the Evolutionary Computation and Artificial Life Research Communities}},
    year = {2018},
    author = {Lehman, Joel and Clune, Jeff and Misevic, Dusan and Adami, Christoph and Altenberg, Lee and Beaulieu, Julie and Bentley, Peter J and Bernard, Samuel and Beslon, Guillaume and Bryson, David M and Chrabaszcz, Patryk and Cheney, Nick and Cully, Antoine and Doncieux, Stephane and Dyer, Fred C and Olav Ellefsen, Kai and Feldt, Robert and Fischer, Stephan and Forrest, Stephanie and Fr{\'{e}}noy, Antoine and Gagn{\'{e}}, Christian and Le Goff, Leni and Grabowski, Laura M and Hodjat, Babak and Hutter, Frank and Keller, Laurent and Knibbe, Carole and Krcah, Peter and Lenski, Richard E and Lipson, Hod and MacCurdy, Robert and Maestre, Carlos and Miikkulainen, Risto and Mitri, Sara and Moriarty, David E and Mouret, Jean-Baptiste and Nguyen, Anh and Ofria, Charles and Parizeau, Marc and Parsons, David and Pennock, Robert T and Punch, William F and Ray, Thomas S and Schoenauer, Marc and Schulte, Eric and Sims, Karl and Stanley, Kenneth O and Taddei, François and Tarapore, Danesh and Thibault, Simon and Weimer, Westley and Watson, Richard and Yosinski, Jason},
    url = {https://arxiv.org/pdf/1803.03453.pdf},
    arxivId = {arXiv:1803.03453v3}
}

@article{COELLO2000TreatingOptimization,
    title = {{Treating Constraints As Objectives for Single-Objective Evolutionary Optimization}},
    year = {2000},
    journal = {Engineering Optimization},
    author = {COELLO, CARLOS A. COELLO},
    number = {3},
    month = {1},
    pages = {275--308},
    volume = {32},
    publisher = {Taylor {\&} Francis Group},
    url = {http://www.tandfonline.com/doi/abs/10.1080/03052150008941301},
    isbn = {0305215000},
    doi = {10.1080/03052150008941301},
    issn = {0305-215X},
    keywords = {Genetic algorithms, constraint handling, evolutionary optimization, multiobjective optimization}
}

@article{VinciarelliUnderstandingCorpus,
    title = {{Understanding Social Signals in Multi-party Conversations: Automatic Recognition of Socio-Emotional Roles in the AMI Meeting Corpus}},
    author = {Vinciarelli, Alessandro and Valente, Fabio and Harsha Yella, Sree and Sapru, Ashtosh},
    url = {http://www.dcs.gla.ac.uk/~vincia/papers/smc-roles.pdf},
    keywords = {AMI meetings Corpus, Index Terms—Social signals, non-verbal communication, role recog-nition, social and formal roles, turn-taking patterns}
}

@article{Araujo2017UsingLimitations,
    title = {{Using Facebook Ads Audiences for Global Lifestyle Disease Surveillance: Promises and Limitations}},
    year = {2017},
    author = {Ara{\'{u}}jo, Matheus and Mejova, Yelena and Weber, Ingmar and Benevenuto, Fabrício},
    url = {https://arxiv.org/pdf/1705.04045.pdf},
    doi = {10.475/123}
}